@book{intro_to_algo,
  added-at  = {2020-08-17T00:00:00.000+0200},
  author    = {Cormen, Thomas H. and Leiserson, Charles E. and Rivest, Ronald L. and Stein, Clifford},
  biburl    = {https://www.bibsonomy.org/bibtex/244521181e0affc44006d6de882c21627/dblp},
  ee        = {https://www.worldcat.org/oclc/698955316},
  interhash = {bfcf8edf7ee96a0ee5630d6f3541da94},
  intrahash = {44521181e0affc44006d6de882c21627},
  isbn      = {9780262533058},
  keywords  = {dblp},
  pages     = {I-XIX, 1-1292},
  publisher = {MIT Press},
  timestamp = {2020-08-18T11:45:35.000+0200},
  title     = {Introduction to Algorithms, 3rd Edition.},
  year      = 2009
}